@ARTICLE{000-000,
author={C. W. Tsai and C. F. Lai and M. C. Chiang and L. T. Yang},
journal={IEEE Communications Surveys Tutorials},
title={Data Mining for Internet of Things: A Survey},
year={2014},
volume={16},
number={1},
pages={77-97},
keywords={Internet of Things;data mining;Internet of things;data mining;Clustering algorithms;Data handling;Data mining;Data storage systems;Information management;Internet;Wireless sensor networks;Internet of Things;data mining},
doi={10.1109/SURV.2013.103013.00206},
ISSN={1553-877X},
month={First},}

@article{000-004,
title = "Internet of things: Vision, applications and research challenges ",
journal = "Ad Hoc Networks ",
volume = "10",
number = "7",
pages = "1497 - 1516",
year = "2012",
note = "",
issn = "1570-8705",
doi = "http://dx.doi.org/10.1016/j.adhoc.2012.02.016",
url = "http://www.sciencedirect.com/science/article/pii/S1570870512000674",
author = "Daniele Miorandi and Sabrina Sicari and Francesco De Pellegrini and Imrich Chlamtac",
keywords = "Internet-of-Things",
keywords = "Web",
keywords = "Smart objects",
keywords = "RFID",
keywords = "Sensors",
keywords = "Actuators",
keywords = "Interoperability",
keywords = "Security ",
abstract = "The term âInternet-of-Thingsâ is used as an umbrella keyword for covering various aspects related to the extension of the Internet and the Web into the physical realm, by means of the widespread deployment of spatially distributed devices with embedded identification, sensing and/or actuation capabilities. Internet-of-Things envisions a future in which digital and physical entities can be linked, by means of appropriate information and communication technologies, to enable a whole new class of applications and services. In this article, we present a survey of technologies, applications and research challenges for Internet-of-Things. "
}

@MASTERSTHESIS{ 006-000,
  title = {Metodologia de mineração de dados para detecção de desvio de comportamento do uso de energia em concessionária de energia elétrica},
  year = {2008},
  author = {Minussi, Marlon M.},
  url = "http://tede2.pucrs.br/tede2/handle/tede/2997",
  abstract = "Com abertura do mercado de energia elétrica e o aumento da competitividade no setor elétrico brasileiro, as concessionárias de energia buscam ferramentas para minimizar as perdas comerciais e maximizar seus lucros. Visando solucionar este problema foi desenvolvido um método de mineração de dados para detecção de desvio de comportamento no uso de energia em concessionária de energia elétrica. Pois quanto menos perde-se, menos precisa ser gerado, e menos se desperdiça recursos naturais. Na elaboração do método compreendeu etapas de análise e avaliação dos dados, assim como construção de um Data Warehouse mais adequado para o desenvolvimento deste trabalho. Foram analisadas curvas de cargas dos clientes e através dessa análise observou-se o perfil de consumo dos mesmos, embasados na análise foram aplicados os algoritmos de mineração de dados, como o algoritmo de associação Apriori para fornecer padrões de indicadores de perfil dos consumidores bem como os algoritmos de Árvore de Decisão e Classificadores Bayesianos. Os resultados validam o método desenvolvido e implementado permitindo sua utilização em uma concessionária de energia elétrica sendo utilizado como mais uma ferramenta de GLD para auxiliar e somar-se a ações já existentes na concessionária.",
  publisher = {Pontifícia Universidade Católica do Rio Grande do Sul},
  scholl = {Programa de Pós-Graduação em Engenharia Elétrica},
  note = {Accessed: 2016-11-01}
}

%%%%%%%%%%%%%%%%%%%%%%%%%%%%%%%

@Inbook{Hendrickx2015,
author="Hendrickx, Tayena
and Cule, Boris
and Meysman, Pieter
and Naulaerts, Stefan
and Laukens, Kris
and Goethals, Bart",
editor="Cao, Tru
and Lim, Ee-Peng
and Zhou, Zhi-Hua
and Ho, Tu-Bao
and Cheung, David
and Motoda, Hiroshi",
title="Mining Association Rules in Graphs Based on Frequent Cohesive Itemsets",
bookTitle="Advances in Knowledge Discovery and Data Mining: 19th Pacific-Asia Conference, PAKDD 2015, Ho Chi Minh City, Vietnam, May 19-22, 2015, Proceedings, Part II",
year="2015",
publisher="Springer International Publishing",
address="Cham",
pages="637--648",
isbn="978-3-319-18032-8",
doi="10.1007/978-3-319-18032-8_50",
url="http://dx.doi.org/10.1007/978-3-319-18032-8_50"
}

@phdthesis{Peixoto2005,
author = {Peixoto, Fl{\'{a}}vio Luna},
file = {:home/felipe/Documentos/Mendeley Desktop/Peixoto - 2005 - O processo de informatiza{\c{c}}{\~{a}}o de herb{\'{a}}rios estudo de caso.pdf:pdf},
isbn = {7777777777},
pages = {79},
school = {Escola Nacional de Bot{\^{a}}nica Tropical},
title = {{O processo de informatiza{\c{c}}{\~{a}}o de herb{\'{a}}rios: estudo de caso}},
year = {2005}
}


@inproceedings{Travassos2014,
author = {Travassos, Walter and Souza, Damires},
file = {:C$\backslash$:/Users/JBRJ/Dropbox/Artigos Graph DataBase/QualityStamp – Avaliando a Qualidade de Linked Datasets para avalia{\c{c}}{\~{o}}es de Dom{\'{i}}nio espec{\'{i}}fico.pdf:pdf},
pages = {233--238},
title = {{QualityStamp – Avaliando a Qualidade de Linked Datasets para Aplica{\c{c}}{\~{o}}es de Dom{\'{i}}nio Espec{\'{i}}fico}},
year = {2014}
}

@MASTERSTHESIS{peixoto2005,
	author = "Flávio Luna Peixoto",
	title = "O Processo de Informatização de herbários:Estudo de caso",
	school = "Escola Nacional de Botânica Tropical",
	year = "2005",
	type = "Mestrado"
}

@misc{Splink2015,
  title = {{Cria} SpeciesLink networkManager },
  howpublished = {\url{http://splink.cria.org.br/manager/}},
  note = {Accessed: 2015-10-01}
}

@article{bizer2009linked2,
  title={Linked data-the story so far},
  author={Bizer, Christian and Heath, Tom and Berners-Lee, Tim},
  journal={Semantic Services, Interoperability and Web Applications: Emerging Concepts},
  pages={205--227},
  year={2009}
}



@article{bizer2009linked,
abstract = {The term Linked Data refers to a set of best practices for publishing and connecting structured data on the Web. These best practices have been adopted by an increasing number of data providers over the last three years, leading to the creation of a global data space containing billions of assertions - the Web of Data. In this article we present the concept and technical principles of Linked Data, and situate these within the broader context of related technological developments. We describe progress to date in publishing Linked Data on the Web, review applications that have been developed to exploit the Web of Data, and map out a research agenda for the Linked Data community as it moves forward.},
author = {Bizer, Christian and Heath, T and Berners-Lee, T},
doi = {10.4018/jswis.2009081901},
isbn = {1552-6283},
issn = {15526283},
journal = {International journal on Semantic Web and Information Systems},
keywords = {data exploration,data sharing,linked data,semantic web,web of data},
number = {3},
pages = {1--22},
pmid = {16},
title = {{Linked data-the story so far}},
url = {http://eprints.soton.ac.uk/271285/},
volume = {5},
year = {2009}
}





@article{Vaz2011,
abstract = {Com o desenvolvimento das tecnologias da informa{\c{c}}{\~{a}}o e comunica{\c{c}}{\~{a}}o (TICs) tornou-se poss{\'{i}}vel bases de dados brutas serem livremente manipuladas, filtradas ou cruzadas, construindo novas aplica{\c{c}}{\~{o}}es e conhecimentos pela sociedade. S{\~{a}}o os Dados Governamentais Abertos (DGA). O objetivo deste artigo {\'{e}} verificar a rela{\c{c}}{\~{a}}o entre transpar{\^{e}}ncia e dados governamentais abertos. A metodologia utilizada {\'{e}} a pesquisa bibliogr{\'{a}}fica sobre os conceitos de DGA, vis{\~{o}}es de transpar{\^{e}}ncia e estudo explorat{\'{o}}rio de experi{\^{e}}ncias internacionais e brasileiras. As considera{\c{c}}{\~{o}}es finais apresentam o surgimento de um patamar de exig{\^{e}}ncia para a transpar{\^{e}}ncia: o que n{\~{a}}o {\'{e}} sigiloso deve estar dispon{\'{i}}vel na internet em dados abertos.},
author = {Vaz, Jc Jos{\'{e}} Carlos and Ribeiro, Manuella Maia Mm and Matheus, Ricardo},
file = {:home/felipe/Dropbox/IME-TEBD - Felipe/Artigos e Livros/DADOS GOVERNAMENTAIS ABERTOS
E SEUS IMPACTOS SOBRE OS CONCEITOS E
PR{\'{A}}TICAS DE TRANSPAR{\^{E}}NCIA NO BRASIL.pdf:pdf},
isbn = {1679-6861},
issn = {1679-6861},
journal = {Cadernos PPG-AU/UFBA},
number = {1},
pages = {45--62},
title = {{Dados governamentais abertos e seus impactos sobre os conceitos e pr{\'{a}}ticas de transpar{\^{e}}ncia no Brasil}},
url = {http://www.portalseer.ufba.br/index.php/ppgau/article/view/5111},
volume = {9},
year = {2011}
}


@article{Camilo2009,
abstract = {Neste trabalho ser{\~{a}}o apresentados os conceitos fundamentais da Minera{\c{c}}{\~{a}}o de Dados, principais tarefas e m{\'{e}}todos. Al{\'{e}}m dos m{\'{e}}todos tradicionais, algu- mas variantes e novas abordagens ser{\~{a}}o discutidas. Ao final ser{\'{a}} apresentada uma lista das principais ferramentas para se trabalhar com minera{\c{c}}{\~{a}}o. Palavras-Chave:},
author = {Camilo, Co and Silva, Jc},
file = {:home/felipe/.local/share/data/Mendeley Ltd./Mendeley Desktop/Downloaded/Camilo et al. - 2015 - Mining association rules in graphs based on frequent cohesive itemsets(8).pdf:pdf},
journal = {Universidade Federal de Goi{\'{a}}s (UFC)},
keywords = {Ferramentas.,Minera{\c{c}}{\~{a}}o de Dados,M{\'{e}}todos,Tarefas},
pages = {29},
title = {{Minera{\c{c}}{\~{a}}o de Dados: Conceitos, tarefas, m{\'{e}}todos e ferramentas}},
url = {http://www.inf.ufg.br/sites/default/files/uploads/relatorios-tecnicos/RT-INF{\_}001-09.pdf},
year = {2009}
}




Mineração de regras de associação de multi-relação












@PHDTHESIS{froes2013,
	AUTHOR =       "Adriana Machado Fróes",
	TITLE =        "Mineração de dados metagenômicos visando a análise da diversidade da serina beta- lactamases em diferentes ambientes",
	SCHOOL =       "Fundação Oswaldo Cruz, Instituto Oswaldo Cruz - FioCruz",
	YEAR =         "2013",
	type =         "Doutorado"
}





@ARTICLE{antoniou2003,
	author = {Grigoris Antoniou and Frank Van Harmelen},
	title = {Web Ontology Language: OWL},
	year = {2003}
}

@ARTICLE{huang2011,
	author = {Jiewen Huang and Daniel J. Abadi and Kun Ren},
	title = {Scalable SPARQL Querying of Large RDF Graphs},
	journal = {Proceedings of the VLDB Endowment},
	year = {2011},
	volume =       "4",
	number =       "11",
	site = "http://cs-www.cs.yale.edu/homes/dna/papers/sw-graph-scale.pdf"
}

@ARTICLE{brabham2009,
	author = {Daren C. Brabham},
	title = {Crowdsourcing the Public Participation Process for Planning Projects},
	journal = {Plannning Theory},
	year = {2009},
	volume =       "8",
	number =       "3",
	pages =        "242-262"
}

@article{ CarvalhoAl10,
	author = { M. G. P. Carvalho and V. Braganholo and M. L. M. Campos and M. L. A. Campos},
	title = {Enriquecimento de Ontologias: uma Abordagem para Extração de Conhecimento do Campo Definição},
	year = {2010}
}

@article{ Seyed11,
	author = {A. P. Seyed and J. Pacheco and A. Goldenfranz and V. Chaudhri},
  	title = {Modeling Issues and Solutions: Building a Taxonomy from a Biology Textbook},
  	year = {2011}
}

@article{ good15,
	author = {BENJAMIN M GOOD and MAX NANIS and CHUNLEI WU and ANDREW I SU},
  	title = {MICROTASK CROWDSOURCING FOR DISEASE MENTION ANNOTATION IN PUBMED ABSTRACTS},
  	year = {2015},
	pages = "525-541"
}

@article{ sarasua12,
	author = {Cristina Sarasua and Elena Simperl and Natalya F. Noy},
  	title = {CrowdMap: crowdsourcing ontology alignment with microtasks},
  	 series = {ISWC'12},
 	year = {2012},
 	isbn = {978-3-642-35175-4},
 	location = {Boston, MA},
 	pages = {525--541},
 	numpages = {17},
 	url = {http://dx.doi.org/10.1007/978-3-642-35176-1_33},
 	doi = {10.1007/978-3-642-35176-1_33},
 	acmid = {2426550},
 	publisher = {Springer-Verlag},
 	address = {Berlin, Heidelberg}
}

@article{ khattak2013,
	author = {Asad Masood Khattak and Rabia Batool and Zeeshan Pervez and Adil Mehmood Khan and Sungyoung Lee},
  	title = {Ontology Evolution and Challenges},
  	year = {2013},
	journal = {JOURNAL OF INFORMATION SCIENCE AND ENGINEERING},
	pages = "851-871"
}

@article { batista:2013,
	author ={David Soares Batista and David Forte and Rui Silva and Bruno Martins and Mário Silva},
	journal = {linguamatica},
	issn = {1647-0818},
	volume =       "5",
	number =       "1",
	year = 2013,
	pages =        "41-57",
	url={http://www.linguamatica.com/index.php/linguamatica/article/view/157/241}
}

@MASTERSTHESIS{araujo:2011,
	author =       "Celso Araújo Fontes",
	title =        "Explorando inferência num sistema de anotação semântica",
	school =       "Instituto Militar de Engenharia, IME",
	year =         "2011",
	type =         "Mestrado"
}

@phdthesis{pavlov2013hive,
  	title={Hive: An Extensible and Scalable Framework For Mobile Crowdsourcing},
  	author={Dimitar Valentinov Pavlov},
  	year={2013},
  	school={Imperial College London},
	type = {Doutorado}
}

@article{ lin2010,
	author = {Huairen Lin and Joseph Davis and Ying Zhou},
  	title = {Ontological Services Using Crowdsourcing},
  	year = {2010},
	journal = {ACIS 2010 Proceedings},
	url={http://aisel.aisnet.org/acis2010/53}
}

@misc{cimiano2004ontology,
  	title={Ontology Learning. Handbook on Ontologies},
  	author={Cimiano, P and Madche, A and Staab, S and Volker, J},
  	year={2004},
  	publisher={Springer}
}

@article{DBLP:journals/semweb/SalvadoresAMN13,
  	author    = {Manuel Salvadores and  Paul R. Alexander and Mark A. Musen and Natalya Fridman Noy},
  	title     = {BioPortal as a dataset of linked biomedical ontologies and terminologies  in {RDF}},
  	journal   = {Semantic Web},
  	volume    = {4},
  	number    = {3},
  	pages     = {277--284},
  	year      = {2013},
  	url       = {http://dx.doi.org/10.3233/SW-2012-0086},
  	doi       = {10.3233/SW-2012-0086},
  	timestamp = {Sat, 14 Mar 4450578 21:37:20 +},
  	biburl    = {http://dblp.uni-trier.de/rec/bib/journals/semweb/SalvadoresAMN13},
 	bibsource = {dblp computer science bibliography, http://dblp.org}
}

@inproceedings{Renear:2010:DDS:1920331.1920447,
	 author = {Renear, Allen H. and Sacchi, Simone and Wickett, Karen M.},
	 title = {Definitions of Dataset in the Scientific and Technical Literature},
	 booktitle = {Proceedings of the 73rd ASIS\&T Annual Meeting on Navigating Streams in an Information Ecosystem - Volume 47},
	 series = {ASIS\&T '10},
	 year = {2010},
	 location = {Pittsburgh, Pennsylvania},
	 pages = {81:1--81:4},
	 articleno = {81},
	 numpages = {4},
	 url = {http://dl.acm.org/citation.cfm?id=1920331.1920447},
	 acmid = {1920447},
	 publisher = {American Society for Information Science},
	 address = {Silver Springs, MD, USA},
	 keywords = {data conservancy, data curation, dataset, information organization},
} 

@MISC{Guarino_whatis,
    author = {Nicola Guarino and Daniel Oberle and Steffen Staab},
    title = {What Is an Ontology?},
    year = {2009}
}

@incollection{pharmgkb,
	year={2005},
	isbn={978-1-58829-440-1},
	booktitle={Pharmacogenomics},
	volume={311},
	series={Methods in Molecular Biology™},
	editor={Innocenti, Federico},
	doi={10.1385/1-59259-957-5:179},
	title={PharmGKB},
	url={http://dx.doi.org/10.1385/1-59259-957-5%3A179},
	publisher={Humana Press},
	keywords={Database; pharmacogenetics; pharmacogenomics; genotype; phenotype},
	author={Thorn, CarolineF. and Klein, TeriE. and Altman, RussB.},
	pages={179-191},
	language={English}
}

@article{Wishart01012008,
	author = {Wishart, David S. and Knox, Craig and Guo, An Chi and Cheng, Dean and Shrivastava, Savita and Tzur, Dan and Gautam, Bijaya and Hassanali, Murtaza}, 
	title = {DrugBank: a knowledgebase for drugs, drug actions and drug targets},
	volume = {36}, 
	number = {suppl 1}, 
	pages = {D901-D906}, 
	year = {2008}, 
	doi = {10.1093/nar/gkm958}, 
	abstract ={DrugBank is a richly annotated resource that combines detailed drug data with comprehensive drug target and drug action information. Since its first release in 2006, DrugBank has been widely used to facilitate in silico drug target discovery, drug design, drug docking or screening, drug metabolism prediction, drug interaction prediction and general pharmaceutical education. The latest version of DrugBank (release 2.0) has been expanded significantly over the previous release. With ∼4900 drug entries, it now contains 60% more FDA-approved small molecule and biotech drugs including 10% more ‘experimental’ drugs. Significantly, more protein target data has also been added to the database, with the latest version of DrugBank containing three times as many non-redundant protein or drug target sequences as before (1565 versus 524). Each DrugCard entry now contains more than 100 data fields with half of the information being devoted to drug/chemical data and the other half devoted to pharmacological, pharmacogenomic and molecular biological data. A number of new data fields, including food–drug interactions, drug–drug interactions and experimental ADME data have been added in response to numerous user requests. DrugBank has also significantly 		improved the power and simplicity of its structure query and text query searches. DrugBank is available at http://www.drugbank.ca}, 
	URL = {http://nar.oxfordjournals.org/content/36/suppl_1/D901.abstract}, 
	eprint = {http://nar.oxfordjournals.org/content/36/suppl_1/D901.full.pdf+html}, 
	journal = {Nucleic Acids Research} 
}

@Article{23657106,
	AUTHOR = {Willighagen, Egon and Waagmeester, Andra and Spjuth, Ola and Ansell, Peter and Williams, Antony and Tkachenko, Valery and Hastings, Janna and Chen, Bin and Wild, David},
	TITLE = {The ChEMBL database as linked open data},
	JOURNAL = {Journal of Cheminformatics},
	VOLUME = {5},
	YEAR = {2013},
	NUMBER = {1},
	PAGES = {23},
	URL = {http://www.jcheminf.com/content/5/1/23},
	DOI = {10.1186/1758-2946-5-23},
	PubMedID = {23657106},
	ISSN = {1758-2946},
	ABSTRACT = {BACKGROUND:Making data available as Linked Data using Resource Description Framework (RDF) promotes integration with other web resources. RDF documents can natively link to related data, and others can link back using Uniform Resource Identifiers (URIs). RDF makes the data machine-readable and uses extensible vocabularies for additional information, making it easier to scale up inference and data analysis.RESULTS:This paper describes recent developments in an ongoing project converting data from the ChEMBL database into RDF triples. Relative to earlier versions, this updated version of ChEMBL-RDF uses recently introduced ontologies, including CHEMINF and CiTO; exposes more information from the database; and is now available as dereferencable, linked data. To demonstrate these new features, we present novel use cases showing further integration with other web resources, including Bio2RDF, Chem2Bio2RDF, and ChemSpider, and showing the use of standard ontologies for querying.CONCLUSIONS:We have illustrated the advantages of using open standards and ontologies to link the ChEMBL database to other databases. Using those links and the knowledge encoded in standards and ontologies, the ChEMBL-RDF resource creates a foundation for integrated semantic web cheminformatics applications, such as the presented decision support.},
}

@article{Good15082013,
	author = {Good, Benjamin M. and Su, Andrew I.}, 
	title = {Crowdsourcing for bioinformatics},
	volume = {29}, 
	number = {16}, 
	pages = {1925-1933}, 
	year = {2013}, 
	doi = {10.1093/bioinformatics/btt333}, 
	abstract ={Motivation: Bioinformatics is faced with a variety of problems that require human involvement. Tasks like genome annotation, image analysis, knowledge-base population and protein structure determination all benefit from human input. In some cases, people are needed in vast quantities, whereas in others, we need just a few with rare abilities. Crowdsourcing encompasses an emerging collection of approaches for harnessing such distributed human intelligence. Recently, the bioinformatics community has begun to apply crowdsourcing in a variety of contexts, yet few resources are available that describe how these human-powered systems work and how to use them effectively in scientific domains.Results: Here, we provide a framework for understanding and applying several different types of crowdsourcing. The framework considers two broad classes: systems for solving large-volume ‘microtasks’ and systems for solving high-difficulty ‘megatasks’. Within these classes, we discuss system types, including volunteer labor, games with a purpose, microtask markets and open innovation contests. We illustrate each system type with successful examples in bioinformatics and conclude with a guide for matching problems to crowdsourcing solutions that highlights the positives and negatives of different approaches.Contact: bgood@scripps.edu}, 
	URL = {http://bioinformatics.oxfordjournals.org/content/29/16/1925.abstract}, 
	eprint = {http://bioinformatics.oxfordjournals.org/content/29/16/1925.full.pdf+html}, 
	journal = {Bioinformatics} 
}
@article{ BrandaoAl10,
	author = { Stainam Brandão and Arthur Siqueira and Jano Moreira de Souza},
	title = {WebOnto: Anotação Semântica com Ontologias de Domínio},
	year = {2010}
}

@MASTERSTHESIS{ali:2009,
	author = "Ali Hashemi",
	title = "Using Repositories for Ontology Design and Semantic Mapping",
	school = "University of Toronto",
	year = "2009",
	type = "Mestrado"
}

@inproceedings{conf/kcap/EhrigS05,
  	added-at = {2005-11-23T00:00:00.000+0100},
  	author = {Marc Ehrig and York Sure},
  	biburl = {http://www.bibsonomy.org/bibtex/29ee7a4f301a53cc2de36142673fbd186/dblp},
  	booktitle = {Integrating Ontologies},
  	crossref = {conf/kcap/2005w},
  	date = {2005-11-23},
  	description = {dblp},
  	editor = {Ashpole, Benjamin and Ehrig, Marc and Euzenat, Jérôme and Stuckenschmidt, Heiner},
  	ee = {http://CEUR-WS.org/Vol-156/paper11.pdf},
  	interhash = {ce25eec61db86604474f64048c1c755c},
  	intrahash = {9ee7a4f301a53cc2de36142673fbd186},
  	keywords = {dblp},
  	publisher = {CEUR-WS.org},
  	series = {CEUR Workshop Proceedings},
  	timestamp = {2005-11-23T00:00:00.000+0100},
  	title = {FOAM - Framework for Ontology Alignment and Mapping - Results of the Ontology Alignment Evaluation Initiative.},
  	url = {http://dblp.uni-trier.de/db/conf/kcap/kcap2005w.html#EhrigS05},
  	volume = 156,
  	year = 2005
}

@ARTICLE{Rosse03areference,
    author = {Cornelius Rosse and Jose L. V. Mejino},
    title = {A reference ontology for biomedical informatics: the foundational model of anatomy},
    journal = {J. of Biomedical Informatics},
    year = {2003},
    volume = {36},
    pages = {500}
}

@incollection{ncit05,
	year={2005},
	isbn={978-3-540-27831-3},
	booktitle={Artificial Intelligence in Medicine},
	volume={3581},
	series={Lecture Notes in Computer Science},
	editor={Miksch, Silvia and Hunter, Jim and Keravnou, ElpidaT.},
	doi={10.1007/11527770_30},
	title={Oncology Ontology in the NCI Thesaurus},
	url={http://dx.doi.org/10.1007/11527770_30},
	publisher={Springer Berlin Heidelberg},
	keywords={Ontology; Oncology; NCI Thesaurus; Clinical Bioinformatics},
	author={Kumar, Anand and Smith, Barry},
	pages={213-220},
	language={English}
}

@inproceedings{he14,
  	author = {Yongqun He and Yue Liu and Bin Zhao},
  	ee = {http://ceur-ws.org/Vol-1327/icbo2014_paper_23.pdf},
  	publisher = {CEUR-WS.org},
  	journal = {Proceedings of the 5th International Conference on Biomedical Ontologies (ICBO)},
  	title = { OGG: a biological ontology for representing genes and genomes in specific organisms.},
  	volume = 156,
	pages={13-20},
	address = {Texas, Houston},
  	year = 2005
}

@incollection{ volker09,
	year={2009},
	isbn={978-3-642-02192-3},
	booktitle={Biomedical Data and Applications},
	volume={224},
	series={Studies in Computational Intelligence},
	editor={Sidhu, AmandeepS. and Dillon, TharamS.},
	doi={10.1007/978-3-642-02193-0_6},
	title={Bio-medical Ontologies Maintenance and Change Management},
	url={http://dx.doi.org/10.1007/978-3-642-02193-0_6},
	publisher={Springer Berlin Heidelberg},
	author={Shaban-Nejad, Arash and Haarslev, Volker},
	pages={143-168},
	language={English}
}

@ARTICLE{wang2012,
	author = {Yi Wang and JieHong Luo},
	title = {Ontology learning and mapping in semantic web based on formal concept analysis technology},
	journal = {Journal of Convergence Information Technology - JCIT},
	year = {2012},
	volume =       "7",
	number =       "10",
	pages =        "381-388"
}

@INPROCEEDINGS{basharat:2014, 
	author={Basharat, A. and Arpinar, I.B. and Dastgheib, S. and Kursuncu, U. and Kochut, K. and Dogdu, E.}, 
	booktitle={Semantic Computing (ICSC), 2014 IEEE International Conference on}, 
	title={CrowdLink: Crowdsourcing for Large-Scale Linked Data Management}, 
	year={2014}, 
	month={June}, 
	pages={227-234}, 
	keywords={data handling;information retrieval;semantic Web;Amazon Mechanical Turk;CrowdLink;LOD;crowd sourcing;crowd workers;human intelligent task;human-computation notion;large-scale linked data management;link creation task;link verification task;linking open data;machine intelligent task;machine-based solutions;semantic Web;workflow execution;workflow specification;Accuracy;Crowdsourcing;Engines;Generators;Man machine systems;Ontologies;Semantics;Crowdsourcing;Human 	Intelligent Task;Linking Open Data (LOD);Ontology Verification and Entity Disambiguation;Semantic Web;Workflow Management}, 
	doi={10.1109/ICSC.2014.14}
}

@inproceedings{DBLP:conf/jcdl/CastroSR14,
  	author    = {Jo{\~{a}}o Aguiar Castro and Jo{\~{a}}o Rocha da Silva and Cristina Ribeiro},
  	title     = {Creating lightweight ontologies for dataset description practical
               applications in a cross-domain research data management workflow},
  	booktitle = {{IEEE/ACM} Joint Conference on Digital Libraries, {JCDL} 2014, London,
               United Kingdom, September 8-12, 2014},
  	pages     = {313--316},
  	year      = {2014},
  	crossref  = {DBLP:conf/jcdl/2014},
  	url       = {http://dx.doi.org/10.1109/JCDL.2014.6970185},
  	doi       = {10.1109/JCDL.2014.6970185},
  	timestamp = {Mon, 06 Apr 2015 13:15:38 +0200},
  	biburl    = {http://dblp.uni-trier.de/rec/bib/conf/jcdl/CastroSR14},
  	bibsource = {dblp computer science bibliography, http://dblp.org}
}

@incollection{barbosa07,
	year={2007},
	isbn={978-3-540-75287-5},
	booktitle={Database and XMLTechnologies},
	volume={4704},
	series={Lecture Notes in Computer Science},
	editor={Barbosa, Denilson and Bonifati, Angela and Bellahsène, Zohra and Hunt, Ela and Unland, Rainer},
	doi={10.1007/978-3-540-75288-2_2},
	title={Dynamic Fusion of Web Data},
	url={http://dx.doi.org/10.1007/978-3-540-75288-2_2},
	publisher={Springer Berlin Heidelberg},
	author={Rahm, Erhard and Thor, Andreas and Aumueller, David},
	pages={14-16},
	language={English}
}
@article{balan2013study,
  	title={A Study on Semantic Web Mining And Web Crawler},
  	author={Balan, S and Ponmuthuramalingam, P},
  	journal={International Journal Of Engineering And Computer Science},
  	volume={2},
  	number={9},
  	pages={2659-2662},
  	year={2013}
}
@misc{Cyganiak2009,
  	added-at = {2010-04-22T17:45:14.000+0200},
  	author = {Cyganiak, Richard and Hausenblas, Michael},
  	biburl = {http://www.bibsonomy.org/bibtex/27e92ed7b929082f31f71eb47a5dcd962/munozjuan},
  	interhash = {6ac839d5a1b463e471126a021379f116},
  	intrahash = {7e92ed7b929082f31f71eb47a5dcd962},
  	keywords = {datasets vocabulary void},
  	lastchecked = {20.08.2009},
  	month = {Januar},
  	note = {http://rdfs.org/ns/void-guide (Last visit 22/4/2010)},
  	owner = {zazi},
  	timestamp = {2010-04-22T17:45:14.000+0200},
  	title = {voiD Guide - Using the Vocabulary of Interlinked Datasets},
  	url = {http://rdfs.org/ns/void-guide},
  	year = {2009}
}

@article{DBLP:journals/corr/BhardwajBCDEMP14,
  	author    = {Anant P. Bhardwaj and Souvik Bhattacherjee and Amit Chavan and Amol Deshpande and Aaron J. Elmore and Samuel Madden and Aditya G. Parameswaran},
  	title     = {DataHub: Collaborative Data Science {\&} Dataset Version Management at Scale},
  	journal   = {CoRR},
  	volume    = {abs/1409.0798},
  	year      = {2014},
  	url       = {http://arxiv.org/abs/1409.0798},
  	timestamp = {Wed, 01 Oct 2014 15:00:04 +0200},
  	biburl    = {http://dblp.uni-trier.de/rec/bib/journals/corr/BhardwajBCDEMP14},
  	bibsource = {dblp computer science bibliography, http://dblp.org}
}
@article{DBLP:journals/ercim/VandenbusscheV14,
  	author    = {Pierre{-}Yves Vandenbussche and Bernard Vatant},
  	title     = {Linked Open Vocabularies},
  	journal   = {{ERCIM} News},
  	volume    = {2014},
  	number    = {96},
  	year      = {2014},
  	url       = {http://ercim-news.ercim.eu/en96/special/linked-open-vocabularies},
  	timestamp = {Mon, 24 Feb 2014 17:34:24 +0100},
  	biburl    = {http://dblp.uni-trier.de/rec/bib/journals/ercim/VandenbusscheV14},
  	bibsource = {dblp computer science bibliography, http://dblp.org}
}
@electronic{omitola:11,
   	title       = {voidp: A Vocabulary for Data and Dataset Provenance}, 
   	auhor={Tope Omitola and Christopher Gutteridge},
	year={2011},
	url         = {http://www.enakting.org/provenance/voidp/},
   	biburl      = {http://www.bibsonomy.org/url/cd401cfaf554a4534474b2b498f93452/zazi},
   	keywords    = {Dataset Dataset_Description Linked_Data Provenance Semantic_Web VoiD voidp},
   	added-at    = {2011-08-19T12:38:28.000+0200},
   	interhash   = {cd401cfaf554a4534474b2b498f93452}, 
  	intrahash   = {cd401cfaf554a4534474b2b498f93452}
}
@article{castanedo:13,
  	author    = {Frederico Castanedo},
  	title     = {A Review of Data Fusion Techniques},
  	journal   = {The Scientific World Journal},
  	volume    = {2013},
  	year      = {2013},
  	url       = {http://www.hindawi.com/journals/tswj/2013/704504/}
}

@article{synnergren:09,
  	title={Classification of Information Fusion Methods in Systems Biology},
  	author={Jane Synnergren and Björn Olsson and Jonas Gamalielsson},
  	journal={International Journal Of Engineering And Computer Science},
  	volume={9},
  	pages={65-76},
  	year={2013},
	url={http://iospress.metapress.com/content/R0617N3720886187}
}
@INPROCEEDINGS{6698256, 
	author={Lenders, V.}, 
	booktitle={Sensor Data Fusion: Trends, Solutions, Applications (SDF), 2013 Workshop on}, 
	title={Semantic fusion of live Web content: System design and implementation experiences}, 
	year={2013}, 
	month={Oct}, 
	pages={1-6}, 
	keywords={Bayes methods;natural language processing;query processing;question answering (information retrieval);semantic Web;sensor fusion;Bayesian statistics;Web resources;Web search models;abstraction model;data search;end-user search applications;functional semantic fusion system;natural language processing;question-answering system;real-time data;real-world live data;self-contained framework;semantic Web technologies;semantic data fusion techniques;semantic fusion architecture design;semantic live Web content fusion;temporal relationships;Data collection;Data integration;Information retrieval;Natural 	language processing;Ontologies;Resource description framework;Semantics}, 
	doi={10.1109/SDF.2013.6698256}
}
@INPROCEEDINGS{wiemann:14, 
	author={Stefan Wiemann and Lars Bernard}, 
	title={Linking crowdsourced observations with INSPIRE}, 
	year={2014},
	journal={Proceedings of the AGILE'2014 International Conference on Geographic Information Science}
}
@article{DBLP:journals/corr/abs-1101-1232,
  	author    = {Rishin Haldar and
               Debajyoti Mukhopadhyay},
  	title     = {Levenshtein Distance Technique in Dictionary Lookup Methods: An Improved
               Approach},
  	journal   = {CoRR},
  	volume    = {abs/1101.1232},
  	year      = {2011},
  	url       = {http://arxiv.org/abs/1101.1232},
  	timestamp = {Wed, 10 Oct 2012 21:28:42 +0200},
  	biburl    = {http://dblp.uni-trier.de/rec/bib/journals/corr/abs-1101-1232},
  	bibsource = {dblp computer science bibliography, http://dblp.org}
}
@inproceedings{conf/semweb/TranIH11,
  	added-at = {2012-02-15T00:00:00.000+0100},
  	author = {Tran, Quang-Vinh and Ichise, Ryutaro and Ho, Bao-Quoc},
  	biburl = {http://www.bibsonomy.org/bibtex/273fa55d3d14510566554c07e52f2b1c1/dblp},
  	booktitle = {OM},
  	crossref = {conf/semweb/2011om},
  	editor = {Shvaiko, Pavel and Euzenat, Jérôme and Heath, Tom and Quix, Christoph and Mao, Ming and Cruz, Isabel F.},
  	ee = {http://ceur-ws.org/Vol-814/oaei11_paper5.pdf},
  	interhash = {ed94ada5f5ee20129304f0f1005230c0},
  	intrahash = {73fa55d3d14510566554c07e52f2b1c1},
  	keywords = {dblp},
  	publisher = {CEUR-WS.org},
  	series = {CEUR Workshop Proceedings},
  	timestamp = {2012-02-16T11:33:18.000+0100},
  	title = {Cluster-based similarity aggregation for ontology matching.},
  	url = {http://dblp.uni-trier.de/db/conf/semweb/om2011.html#TranIH11},
  	volume = 814,
  	year = {2011}
}
@article{gomaa:13,
	author = {Wael H. Gomaa and Aly A. Fahmy},
	title = {Article: A Survey of Text Similarity Approaches},
	journal = {International Journal of Computer Applications},
	year = {2013},
	volume = {68},
	number = {13},
	pages = {13-18},
	url = {http://research.ijcaonline.org/volume68/number13/pxc3887118.pdf},
	month = {April},
	note = {Full text available}
}